<?xml version = "1.0" encoding = "UTF-8"?><OAI-PMH xmlns="http://www.openarchives.org/OAI/2.0/" xmlns:xsi="http://www.w3.org/2001/XMLSchema-instance" xsi:schemaLocation="http://www.openarchives.org/OAI/2.0/ http://www.openarchives.org/OAI/2.0/OAI-PMH.xsd"><ListRecords><record><header><identifier>aleph-publish:037707001</identifier></header><metadata><record xmlns="http://www.ddb.de/professionell/mabxml/mabxml-1.xsd"><leader>00000nM2.01200024------h</leader><controlfield tag="LDR">00000nM2.01200024------h</controlfield><controlfield tag="FMT">MH</controlfield><datafield tag="001" ind1="-" ind2="1"><subfield code="a">HT021519082</subfield></datafield><datafield tag="002" ind1="a" ind2="1"><subfield code="a">20220506</subfield></datafield><datafield tag="004" ind1="-" ind2="1"><subfield code="a">20221007</subfield></datafield><datafield tag="020" ind1="-" ind2="1"><subfield code="a">https://directory.doabooks.org/handle/20.500.12854/72469.4</subfield><subfield code="b">OAPEN</subfield></datafield><datafield tag="025" ind1="-" ind2="1"><subfield code="a">https://directory.doabooks.org/handle/20.500.12854/72469.4</subfield></datafield><datafield tag="026" ind1="-" ind2="1"><subfield code="a">HBZHT021519082</subfield></datafield><controlfield tag="030">z||u|||||||17</controlfield><controlfield tag="050">||||||||g|||||</controlfield><controlfield tag="051">m|||||||</controlfield><datafield tag="060" ind1="-" ind2="1"><subfield code="b">txt</subfield><subfield code="a">Text</subfield></datafield><datafield tag="061" ind1="-" ind2="1"><subfield code="b">c</subfield><subfield code="a">Computermedien</subfield></datafield><datafield tag="062" ind1="-" ind2="1"><subfield code="b">cr</subfield><subfield code="a">Online-Ressource</subfield></datafield><datafield tag="070" ind1="-" ind2="1"><subfield code="a">OAPEN Foundation</subfield></datafield><datafield tag="070" ind1="a" ind2="1"><subfield code="a">82</subfield></datafield><datafield tag="078" ind1="e" ind2="1"><subfield code="a">ZDB-94-OAB</subfield></datafield><datafield tag="078" ind1="i" ind2="1"><subfield code="a">OA</subfield></datafield><datafield tag="100" ind1="-" ind2="1"><subfield code="a">Hauser-Schäublin, Brigitta</subfield></datafield><datafield tag="331" ind1="-" ind2="1"><subfield code="a">Traces of Gods and Men : Temples and rituals as landmarks of social events and processes in a South Bali village</subfield></datafield><datafield tag="419" ind1="-" ind2="1"><subfield code="a">https://www.digi-hub.de/viewer/image/BV047121057/5</subfield><subfield code="b">Reimer Verlag</subfield><subfield code="c">199707</subfield></datafield><datafield tag="433" ind1="-" ind2="1"><subfield code="a">1 electronic resource (340 p.)</subfield></datafield><datafield tag="516" ind1="a" ind2="1"><subfield code="a">English</subfield></datafield><datafield tag="586" ind1="0" ind2="1"><subfield code="a">Open Access</subfield><subfield code="f">Unrestricted online access</subfield><subfield code="2">star</subfield></datafield><datafield tag="655" ind1="e" ind2="1"><subfield code="u">https://www.reimer-mann-verlag.de/img/cover/big/no_cover.gif</subfield><subfield code="z">DOAB: download the publication</subfield><subfield code="z">kostenfrei</subfield><subfield code="A">0</subfield></datafield><datafield tag="655" ind1="e" ind2="1"><subfield code="u">https://directory.doabooks.org/handle/20.500.12854/72469.4</subfield><subfield code="z">DOAB: description of the publication</subfield><subfield code="z">kostenfrei</subfield><subfield code="A">0</subfield></datafield><datafield tag="710" ind1="a" ind2="1"><subfield code="a">SOC002010</subfield></datafield><datafield tag="720" ind1="-" ind2="1"><subfield code="a">social anthropology, South Bali, temple, space, ritual, ancestors, social groups</subfield></datafield><controlfield tag="SYS">037707001</controlfield></record></metadata></record></ListRecords></OAI-PMH>